2267 2982
1019 200 1269 243 ...s-.-

287 320 440 360 necesso
481 318 547 366 fit,
587 317 684 355 dum
729 317 836 357 actio
882 317 931 355 ab
961 318 1013 356 iis
1053 315 1240 369 profecta
1274 314 1510 367 perficitur,
1552 322 1686 357 tamen
1722 323 1994 375 potestas,

286 399 541 438 voluntas
570 401 648 432 etc.
678 394 923 443 praecedere
954 395 1076 432 etiam
1110 394 1262 432 debent
1291 392 1416 442 ipsam
1446 405 1549 440 rem,
1583 407 1657 431 nec
1678 398 1891 447 quisquam
1917 414 1995 437 uu·

291 486 414 526 quam
451 485 538 510 rem
581 469 838 522 aggreditur,
877 468 949 508 nist
978 468 1152 520 potestas
1194 482 1239 507 ac
1269 465 1459 507 voluntas
1492 481 1579 508 eam
1611 476 1651 508 et
1685 470 1928 524 suscipiendi
1960 483 2002 514 ct

293 546 534 601 perficiendi
564 552 681 585 amon
710 545 881 585 affuerit.
942 545 1019 594 Ita,
1044 545 1071 582 fi
1095 543 1334 586 sententiam
1361 543 1528 595 spectes,
1559 545 1663 587 nihil
1684 550 1852 588 omnino
1873 552 2004 591 inter-

294 625 348 661 est
380 625 489 661 inter
517 621 556 659 si
590 628 845 671 potuero,
886 620 1265 660 si1v01uero.ot
1303 620 1343 658 si
1373 627 1583 670 potere,
1624 622 1898 673 silvulam,
1936 626 2007 665 sed

292 706 425 739 utram
457 698 708 736 locutionem
738 696 888 747 eligere
923 694 1027 736 velit
1060 696 1257 748 scriptor,
1298 697 1342 737 in
1374 696 1700 748 ipfius.atbitrio
1727 699 1899 750 pontum
1936 703 2006 750 est,

294 782 333 814 et
362 775 557 813 omnibus
594 771 679 811 illis
707 773 808 811 locis
837 772 945 811 nihil
975 771 1114 811 causae
1144 773 1224 822 est,
1262 785 1388 824 quare
1418 786 1500 812 non
1529 774 1672 822 etiam,
1714 772 1754 813 ri
1782 784 1998 828 potero,

292 851 570 897 rivolum,
601 851 642 887 si
674 850 896 897 licebit,
929 849 967 887 si
989 841 1258 899 placebit,
1292 850 1494 901 siquid
1526 852 1630 888 erit
1659 850 1789 901 loci,
1820 853 1860 891 si
1887 853 2003 904 pos-

292 928 419 975 sem,
445 926 486 965 si
517 939 617 977 qua
650 924 888 963 facultas
918 922 1073 973 esset,
1104 924 1314 965 scribatur.
1376 926 1486 965 Hinc
1505 925 1678 965 alterum
1701 927 1887 967 futurum
1911 944 2004 968 cum

293 1004 423 1042 altero
453 1015 534 1039 non
565 1014 770 1051 nunquam
803 992 1097 1044 commutatur,
1130 1007 1175 1038 ut
1204 1015 1299 1051 epp.
1330 1002 1425 1039 fam.
1459 1000 1525 1050 IX,
1555 987 1627 1049 Ι16,
1657 1015 1696 1040 2.
1736 1004 2008 1055 quidquid

295 1085 410 1116 arte
441 1076 575 1113 fieri
602 1076 755 1126 poterit
781 1075 904 1124 (non
934 1075 1070 1112 enim
1104 1075 1206 1113 iam
1239 1073 1366 1113 fatis
1395 1076 1459 1114 est
1486 1076 1718 1114 consilio
1746 1089 2006 1128 pugnare:

296 1151 612 1193 artificium
650 1149 912 1201 quoddam
943 1150 1359 1201 excogitandum
1385 1149 1473 1203 est)
1505 1149 1593 1189 sed
1621 1158 1791 1191 tamen
1835 1156 2004 1205 quid-

296 1229 423 1282 quid
453 1226 731 1265 elaborari
763 1231 848 1263 aut
877 1224 1038 1263 effici
1068 1224 1251 1276 potuerit
1277 1231 1357 1264 etc.

404 1304 622 1343 Praeterea
651 1300 769 1351 saepe
792 1301 911 1339 etiam
945 1300 1026 1338 duo
1054 1300 1196 1338 futura
1225 1306 1365 1338 exacta
1393 1300 1452 1338 ita
1479 1308 1690 1351 ponuntur
1700 1331 1711 1351 ,
1753 1309 1799 1341 ut
1828 1303 2002 1344 alterum

299 1382 350 1418 ad
388 1382 562 1417 alterum
588 1378 816 1424 referatur,
861 1383 907 1413 ut
936 1378 1015 1415 Or.
1043 1374 1121 1423 111,
1160 1378 1221 1425 14,
1256 1379 1309 1414 55
1338 1390 1563 1426 quarum
1601 1379 1875 1417 virtutum
1906 1394 2001 1419 ex-

298 1450 634 1509 pertibusl'i
670 1451 895 1492 dicendi
936 1451 1131 1502 copiam
1168 1450 1484 1500 tradiderimus,
1523 1466 1621 1491 non
1661 1468 1747 1493 eos
1788 1455 2001 1506 quidem

298 1536 549 1571 oratores
586 1528 864 1574 effecerimus,
906 1526 993 1564 sed
1033 1525 1354 1564 furentibus
1384 1528 1640 1577 quaedam
1668 1542 1809 1584 arma
1837 1531 2003 1570 dederi-

299 1619 404 1647 mus.
473 1606 548 1644 Or.
585 1604 662 1655 69,
694 1604 789 1642 231.
828 1614 958 1653 quae
995 1602 1140 1641 vitia
1172 1603 1263 1654 qui
1293 1601 1470 1653 fugerit,
1501 1625 1556 1633 —
1585 1626 1637 1634 —
1662 1605 1791 1643 —is
1821 1609 2004 1647 omnia

299 1687 415 1724 fere
451 1682 591 1721 vitia
627 1680 836 1718 vitaverit.
907 1680 1052 1717 Partit.
1084 1691 1145 1717 or.
1185 1681 1234 1727 3,
1276 1691 1340 1717 ιο.
1384 1689 1546 1728 quare
1575 1693 1728 1730 quum
1760 1682 1819 1719 de
1848 1683 2003 1722 causa

299 1763 466 1808 dixero,
497 1758 557 1797 de
579 1763 815 1806 utroque
855 1755 1016 1795 dixero.
1072 1769 1148 1806 pro
1186 1755 1326 1805 Ligar.
1372 1767 1440 1803 ια,
1480 1756 1549 1794 36.
1590 1770 1739 1807 quam
1777 1756 2001 1798 salutem

300 1849 457 1891 quum
496 1834 748 1884 utrisque
784 1831 868 1870 his
910 1831 1093 1881 dederis,
1138 1837 1246 1870 tres
1279 1830 1483 1869 fratrea
1512 1832 1743 1882 optimos
1774 1839 1824 1871 et
1853 1833 2000 1873 inte-

299 1914 568 1967 gerrimos
597 1909 946 1959 reipublicae
973 1907 1283 1946 condonaveris.
1342 1906 1452 1946 Phil.
1484 1906 1516 1955 1,
1546 1915 1651 1947 extr.
1676 1907 1776 1946 huc
1804 1909 1999 1961 siquid

300 1988 519 2035 accesserit,
547 1999 647 2024 non
675 1993 781 2022 tam
810 1984 971 2031 mihi,
1001 1996 1149 2033 quam
1179 1984 1335 2021 vobis
1364 1983 1555 2032 reique
1581 1985 1837 2033 publicae
1865 1983 2001 2022 acces·

298 2066 406 2106 serit.
444 2076 537 2114 epp.
570 2061 667 2100 fam.
688 2061 746 2108 X,
774 2061 837 2099 13.
870 2065 975 2097 extr.
1003 2057 1092 2110 qui
1119 2058 1178 2096 M.
1204 2055 1491 2096 Antonium
1524 2056 1780 2109 oppress'erit,
1810 2060 1852 2099 is
1881 2061 2001 2099 bel-

298 2144 406 2181 lum
425 2137 660 2185 confecerit,
688 2136 795 2186 quod
824 2135 970 2173 iisdem
1000 2147 1130 2185 paene
1156 2135 1292 2173 verbis
1312 2133 1462 2185 repetit
1482 2133 1540 2171 ib.
1578 2146 1626 2186 19
1647 2141 1754 2174 extr.
1781 2136 1872 2186 qui
1893 2137 2002 2174 An-

298 2191 513 2258 tionium
540 2212 804 2266 oppresserit,
833 2211 878 2248 is
903 2211 1000 2248 hoc
1029 2211 1234 2248 bellum
1271 2209 1613 2247 teterrimum
1642 2210 2000 2259 periculosis-

299 2296 589 2342 fimumque
622 2287 871 2335 confecerit,
924 2292 967 2323 et
997 2284 1087 2329 XI,
1123 2298 1185 2323 12.
1217 2284 1262 2323 is
1294 2282 1482 2321 bellum
1503 2280 1750 2334 confecerit,
1778 2287 1868 2336 qui
1891 2289 1998 2325 An-

298 2369 509 2410 tonium
538 2363 795 2417 oppresserit.
829 2363 879 2401 de
906 2360 1108 2409 Fin.111,
1142 2362 1182 2409 3,
1217 2372 1279 2399 ιο.
1309 2358 1748 2411 quidquid-quim
1780 2369 2002 2412 praeter

295 2447 374 2494 id,
416 2442 555 2495 quod
591 2439 872 2479 honestum
912 2437 998 2486 sit,
1029 2434 1387 2486 expeten'dum
1418 2435 1527 2472 esse
1559 2436 1713 2474 dixeris
1741 2438 1783 2473 in
1815 2438 2004 2475 bonit-

296 2536 395 2575 que
427 2516 721 2566 numeraveris,
752 2522 804 2555 et
831 2511 1099 2553 honestum
1129 2510 1326 2562 ipsum,
1363 2509 1513 2562 quasi
1543 2512 1780 2553 virtutis
1809 2513 2000 2561 lumen,
