2267 2982
1007 238 1257 277 —8—

265 363 353 402 τρι
384 356 415 395 st
440 366 583 407 graece
600 352 799 401 ‘vertex-is,
827 364 880 390 ex
905 351 1029 391 huius
1061 352 1226 402 linguae
1244 351 1384 391 indole
1399 352 1545 392 itidem
1567 354 1976 405 optativusefferonda

264 434 344 475 effe
370 432 488 472 dicit.
546 430 750 480 Denique,
783 441 909 480 quum
934 428 986 466 ad
1015 426 1156 480 plures
1184 428 1311 469 animi
1337 428 1570 468 affectiones
1592 428 1870 481 significandas
1899 444 1975 482 op-

266 511 420 552 tntivus
448 508 604 557 valeat,
635 489 926 544 declarandam
956 506 1077 544 etiam
1110 512 1218 550 erat.
1258 519 1378 557 quam
1409 506 1482 544 ille
1515 507 1562 548 in
1588 505 1672 545 istis
1701 504 1975 552 locutionibu-

267 588 357 628 vim
381 585 574 624 haberets.
634 576 680 621 'si
721 582 810 633 quis
839 581 950 619 enim
975 579 1194 618 modestiae
1222 580 1397 623 alicuius
1427 582 1757 632 significationem
1791 583 1835 620 in
1862 582 1979 631 Livii

263 660 448 703 formu-la
465 658 628 703 XXVI,
659 660 727 697 43.
759 656 882 695 iueffe
902 656 1073 705 statuat,
1103 656 1242 695 videat
1268 670 1322 695 ne
1355 659 1479 698 nimis
1501 658 1725 698 modestum
1749 665 1788 697 et
1805 658 1975 697 minime

261 735 590 792 imperatorium,
607 732 679 773 fibi
703 731 830 785 fingat
857 732 1175 784 imperatorem,
1204 733 1302 784 qui,
1330 746 1455 785 quum
1477 732 1627 773 milites
1653 733 1704 772 ad
1733 732 1976 785 aggredien-

265 816 360 856 dam
388 815 534 853 urbem
563 810 745 850 excitare
771 807 895 859 volit,
941 806 1129 849 dubitare
1157 809 1195 848 se
1222 806 1492 861 profiteatur,
1531 824 1581 849 an
1611 811 1772 862 capturi
1800 809 1874 849 fint
1902 825 1978 851 ur-

260 892 369 931 bem.
426 890 517 929 Nec
546 888 619 940 qui
647 899 745 926 vere
775 885 975 926 modestus
1005 885 1084 935 est,
1132 886 1272 925 dicere
1312 885 1412 926 solet
1454 883 1655 926 scitote
1695 900 1790 927 vos
1831 887 1974 931 reli-

260 966 464 1021 quisse,
508 963 601 1004 Cic.
633 965 754 1004 Verr.
796 961 882 1010 111,
923 964 989 1013 95.
1034 961 1101 1000 sed
1141 962 1281 1002 videte
1317 962 1384 1002 vel
1414 975 1586 1011 vereor,
1628 977 1679 1002 ne
1714 961 1970 1015 relinquatis.

259 1046 318 1085 At
347 1040 575 1082 Graecis
606 1035 764 1089 ipsis,
810 1043 857 1075 ut
886 1039 944 1075 ait
972 1037 1083 1075 idem
1113 1038 1170 1075 ib.
1230 1038 1523 1088 Optativus
1557 1038 1717 1088 saepe
1760 1036 1834 1076 ric
1872 1052 1971 1088 po-

259 1121 440 1165 nitur,
482 1121 540 1153 ut
568 1115 686 1152 eiua
714 1112 1224 1152 rationem-iudicio
1261 1125 1359 1149 non
1404 1112 1512 1150 nisi
1555 1113 1772 1151 acriore
1811 1113 1972 1152 adhi-

259 1195 377 1235 bito
410 1191 521 1231 rite
553 1187 766 1239 assequi
801 1185 992 1239 possis.
1062 1187 1144 1226 Sed
1181 1186 1324 1229 taedet,
1361 1186 1405 1224 in
1445 1186 1510 1224 his
1548 1187 1775 1227 refutandis
1816 1189 1971 1228 diutius

258 1266 493 1309 immorari.
550 1264 668 1303 Unus
699 1262 804 1301 mihi
830 1262 916 1301 vim
945 1262 1025 1300 fut.
1052 1263 1188 1300 exacti
1220 1267 1333 1301 reete
1359 1261 1603 1313 perspexiffe
1633 1263 1798 1303 videtur
1819 1265 1971 1303 Gram-

258 1346 457 1392 maticus,
487 1354 572 1380 non
600 1340 675 1378 ille
703 1338 869 1390 quidem
899 1353 921 1377 e
947 1338 1211 1387 doctissimis,
1250 1336 1319 1376 sed
1350 1338 1422 1389 qui
1452 1338 1580 1377 multa
1606 1345 1742 1378 tamen
1772 1347 1813 1380 et
1847 1353 1971 1379 accu-

257 1428 349 1462 rata
365 1418 545 1458 lectione
562 1412 723 1455 sensum
740 1412 957 1454 latinitatis
976 1411 1070 1453 satis
1086 1410 1298 1452 subactum
1325 1412 1494 1453 haberet
1507 1441 1518 1460 .
1549 1414 1748 1455 Broeder.
1782 1414 1967 1455 Gramm.

255 1496 330 1535 lat.
362 1492 402 1546 §.
431 1491 531 1541 613.
561 1490 713 1539 dicens,
742 1495 831 1528 tum
859 1488 1047 1528 futurum
1076 1501 1141 1527 ex.
1170 1490 1214 1527 in
1242 1491 1643 1557 utroquomrationis
1673 1492 1857 1539 membro
1892 1504 1969 1542 po-

256 1573 327 1618 ni,
367 1581 494 1619 quum
523 1566 661 1604 dicere
689 1563 816 1613 velis,
861 1566 1067 1602 actionem
1108 1565 1288 1615 aliquam
1316 1565 1683 1617 eodomttemporis
1708 1573 1859 1617 puncto
1897 1568 1971 1604 ab—

256 1646 438 1687 solutum
468 1642 539 1691 iri,
569 1654 695 1692 quum
716 1638 846 1679 altera
873 1638 1053 1679 absoluta
1083 1638 1221 1678 fuerit.
1278 1639 1437 1680 Eodem
1458 1640 1582 1680 modo
1611 1639 1721 1680 hunc
1749 1636 1865 1679 usum
1894 1653 1969 1679 ox-

256 1721 387 1774 plicat
425 1713 614 1758 Krebfius
652 1716 696 1754 in
729 1714 840 1755 libro
884 1711 1099 1753 utilissimo
1129 1713 1435 1766 Auleitung
1461 1728 1570 1753 zum
1616 1715 1969 1754 Latoinisch-

255 1794 548 1837 schreiben
574 1789 612 1844 §.
648 1798 741 1839 272.
799 1792 891 1831 Hoc
918 1789 1086 1842 quidem
1114 1791 1158 1829 in
1188 1790 1376 1830 omnibus
1404 1791 1528 1840 locis,
1570 1776 1672 1843 quae
1697 1791 1766 1831 vel
1792 1790 1878 1843 ipse
1906 1799 1968 1831 at-

256 1873 362 1922 tuli,
390 1867 461 1910 vel
487 1869 537 1909 ab
568 1869 661 1908 alii·
688 1866 811 1907 allata
837 1867 953 1916 vidi,
993 1866 1085 1906 fieri
1111 1868 1325 1919 intelligo,
1376 1874 1424 1907 ut
1451 1867 1592 1907 futura
1620 1873 1760 1907 exacta
1789 1868 1968 1908 actiones

257 1946 512 2000 fignificent.
552 1957 637 1983 non
667 1956 744 1996 per
766 1941 933 1995 aliquod
964 1944 1162 1995 temporis
1202 1942 1376 1995 spatium
1417 1958 1500 1983 uno
1542 1950 1683 1983 tenore
1721 1941 1802 1982 sese
1835 1942 1971 1985 subte-

253 2028 450 2077 quentes,
478 2020 547 2061 sed
573 2019 717 2058 eodem
744 2019 945 2069 temporis
972 2019 1148 2058 articulo
1184 2020 1398 2070 perfectas.
1472 2021 1579 2059 Nam
1616 2027 1656 2059 et
1691 2021 1763 2071 qui
1801 2021 1966 2059 virtutis

255 2099 421 2150 experti
448 2097 610 2147 copiam
639 2095 804 2134 dicendi
836 2094 988 2143 tradit,
1029 2109 1077 2132 eo
1107 2095 1217 2146 ipse.
1256 2095 1366 2146 quod
1396 2095 1544 2145 tradit,
1573 2110 1656 2135 non
1685 2096 1772 2147 post
1799 2094 1966 2147 aliquod

258 2174 426 2214 demum
460 2177 648 2222 tempus,
687 2183 818 2221 neque
852 2169 902 2208 fic
937 2177 985 2209 ut
1011 2184 1086 2223 per
1128 2158 1304 2221 aliquod
1325 2177 1485 2223 tempus
1517 2160 1692 2223 utraque
1726 2172 1834 2210 actio
1864 2185 1965 2211 con·-

252 2252 454 2294 tinnetur,
482 2246 640 2286 furenti
672 2244 872 2297 quaedam
899 2259 1013 2284 arma
1033 2246 1174 2295 tradit,
1206 2252 1247 2284 et
1267 2243 1417 2284 Caesar
1444 2246 1471 2283 si
1503 2246 1542 2284 sa
1569 2247 1697 2286 lutem
1723 2246 1792 2286 dat
1821 2254 1965 2299 peten-

254 2325 388 2374 tibus,
428 2323 573 2362 eodem
617 2328 805 2372 tempore
848 2327 889 2359 et
926 2322 1086 2360 actione
1127 2320 1270 2359 eadem
1297 2327 1380 2360 tren
1407 2321 1556 2361 fratre·
1580 2323 1832 2373 reipublicae
1865 2337 1965 2363 con-

256 2401 405 2450 donat,
435 2405 477 2438 et
503 2395 659 2443 bellum
692 2396 924 2436 confectum
960 2397 1043 2437 erit
1068 2396 1253 2449 oppreffo
1284 2397 1479 2443 Antonio.
1532 2397 1671 2449 Magis
1696 2400 1826 2450 otiam
1857 2401 1960 2440 eius-

255 2476 351 2517 dem
379 2474 552 2516 actioni·
580 2470 839 2526 riipaeo'xpovov
864 2472 934 2512 seu
966 2469 1168 2526 temporis
1197 2475 1474 2526 congruentia,
1502 2474 1624 2515 atita
1653 2474 1797 2527 dicam,
1830 2474 1964 2522 elucet

256 2566 280 2593 ο
298 2551 401 2593 locis
422 2552 488 2600 iio,
515 2551 589 2592 ubi
609 2549 722 2592 idem
741 2551 916 2592 verbum
936 2550 999 2590 bis
1020 2550 1204 2603 ponitur,
1234 2549 1685 2603 dixero-dixer05
1716 2549 1961 2606 accesse-
