2267 2982
999 237 1143 282 ...„.4
1198 258 1252 268 .-

389 360 439 399 In
470 357 771 410 quaestionibus
799 356 1075 409 grammaticis
1120 355 1228 395 illud
1256 368 1364 395 nunc
1393 357 1616 409 praecipue
1645 360 1896 412 requiritur,
1926 367 1986 409 ut,

281 447 383 486 quae
431 433 548 472 causa
594 433 641 473 fit
680 434 877 485 cuiusque
922 432 1148 483 verborum
1169 470 1173 472 ,
1192 433 1260 472 vel
1300 431 1592 474 sententiarum
1632 435 1985 485 conformationie,

283 508 779 559 (constructionem
819 509 851 549 s.
891 508 1216 548 structuram
1245 509 1410 558 vocant)
1442 508 1591 550 diserte
1624 519 1664 551 et
1692 513 1813 564 plane
1840 511 1985 563 expla-

280 590 423 633 netur3
453 590 493 623 et
520 590 635 635 pecte
662 585 850 636 quidem:
879 597 974 623 nam
1002 585 1076 623 nifi
1106 585 1265 624 causam
1293 592 1452 635 teneas,
1484 600 1558 626 cur
1591 587 1770 639 quidque
1800 579 1873 632 eo)
1901 573 1986 638 ouo

203 699 208 702 ,
279 656 402 707 solet,
432 659 556 697 modo
588 660 771 710 dicatur,
796 672 873 697 nec
901 661 989 698 vim
1021 661 1217 713 cuiusque
1247 672 1269 698 c
1280 674 1304 698 o
1316 674 1343 698 n
1356 661 1418 699 str
1428 675 1456 700 u
1469 674 1490 699 c
1502 663 1582 701 tio
1595 676 1619 701 n
1630 663 1646 701 i
1659 677 1677 701 e
1706 669 1842 702 teneas
1856 689 1867 710 ,
1909 673 1985 699 nec

281 736 347 772 cui
377 748 560 785 quaeque
588 737 682 773 loco
713 736 1019 775 accommodata
1051 737 1117 785 fit,
1152 737 1369 775 diiudices.
1428 739 1509 776 Sed
1537 740 1581 777 in
1610 740 1688 777 hoc
1709 752 1855 788 genere
1879 736 1986 774 illud

278 809 485 861 imprimis
526 810 754 851 cavendum
802 811 877 861 est,
901 826 972 868 >ne
1014 803 1152 867 >causae
1196 811 1551 853 comminiscamur
1588 828 1655 854 eae
1703 828 1804 864 quae
1839 826 1890 851 ex
1918 826 1987 851 re-

278 885 444 925 condita
483 880 621 938 aliqua
658 886 821 926 ratione
849 886 1133 940 philosophica
1166 888 1320 939 petitae
1349 886 1447 938 fint,
1481 895 1521 928 et
1551 902 1625 941 per
1653 888 1690 928 se
1719 882 1988 941 probabiliter

277 962 451 1010 cogitari
478 963 649 1012 possint,
692 964 743 999 ad
772 964 889 1000 usum
917 973 1054 1000 autem
1084 944 1335 1013 optimorum
1360 965 1606 1014 scriptorum
1639 966 1748 1002 haud
1776 965 1988 1001 commodo

278 1035 465 1076 adhiberi
505 1043 656 1089 queant
666 1052 677 1086 ς
723 1038 798 1076 nist
829 1039 939 1077 enim
969 1039 1107 1078 causae
1148 1038 1247 1077 illae
1277 1053 1329 1077 ex
1357 1040 1449 1090 ipsis
1477 1040 1720 1092 scriptorum
1749 1042 1851 1079 locis
1886 1040 1985 1077 dili-

278 1117 421 1164 genter
441 1110 625 1152 collectis
654 1116 695 1151 et
721 1116 908 1152 accurate
936 1112 1045 1151 inter
1073 1111 1111 1151 se
1135 1110 1296 1153 collatis
1325 1124 1371 1152 ac
1397 1113 1632 1166 ponderatis
1659 1113 1890 1165 eliciantur,
1911 1124 1987 1154 va-

276 1202 330 1226 na
361 1190 418 1226 est
443 1198 566 1239 atque
593 1191 755 1227 inutilis
784 1192 917 1228 omnis
942 1191 1015 1226 illa
1045 1190 1254 1226 causarum
1284 1190 1506 1238 indagatio,
1537 1198 1578 1227 et
1605 1192 1745 1241 magia,
1772 1191 1871 1240 quid
1902 1190 1983 1227 ‘dici

277 1266 545 1317 potuerit,
577 1278 699 1317 quam
730 1265 830 1317 quid
858 1278 1005 1305 revera
1034 1264 1191 1303 dictum
1210 1263 1363 1314 fuerit,
1393 1264 1654 1305 demonstrat.
1712 1268 1841 1317 Saepe
1860 1265 1984 1304 etiam

279 1341 419 1380 causae
444 1340 543 1380 illae
570 1355 655 1380 non
678 1342 724 1380 in
754 1348 865 1380 certa
894 1341 1032 1391 aliqua
1058 1341 1232 1388 ratione,
1276 1338 1343 1377 sed
1371 1340 1416 1378 in
1444 1338 1713 1380 similitudine
1740 1341 1878 1392 aliqua
1903 1355 1982 1393 po-

279 1416 372 1455 sitae
403 1417 517 1467 sunt,
556 1424 604 1456 ut
635 1418 876 1456 refertus
919 1417 999 1454 rci
1037 1427 1329 1465 nonnunquam
1371 1416 1565 1456 dixerunt
1604 1418 1783 1456 Romani
1822 1416 1978 1455 nullam

277 1490 398 1531 aliam
425 1493 478 1530 ob
510 1483 681 1540 causam,
712 1492 785 1530 uifi
817 1490 927 1542 quod
949 1491 1199 1531 adiectivum
1217 1493 1399 1542 plenus
1431 1492 1491 1529 itu
1516 1491 1773 1543 usurpabant.
1831 1494 1982 1531 Gram-

278 1567 450 1604 maticae
479 1572 616 1603 autem
643 1567 794 1603 latinae
804 1595 816 1614 ‚
845 1574 892 1604 ut
919 1573 1054 1616 partes
1083 1565 1307 1604 nonnullae
1337 1567 1500 1616 egregie
1529 1568 1758 1617 explicatae
1786 1566 1889 1615 sunt,
1923 1568 1980 1603 ita

277 1640 397 1691 aliam
429 1649 469 1681 et
495 1642 658 1682 fortaffe
686 1640 826 1692 plures
854 1636 1038 1690 numero,
1067 1641 1252 1680 nondum
1279 1639 1372 1679 satis
1394 1641 1613 1691 expolitae,
1648 1641 1757 1692 quod
1777 1655 1799 1679 e
1830 1641 1980 1680 Gram-

278 1716 524 1758 maticorum
561 1714 868 1757 dissensionibus
909 1721 1103 1769 apparet3
1145 1728 1292 1768 corpus
1319 1719 1454 1755 autem
1482 1715 1787 1768 grammaticae,
1814 1728 1867 1756 ex
1896 1729 1977 1770 quo

279 1799 464 1831 accurate
491 1791 725 1843 cognoscas,
754 1804 953 1842 quaenam
980 1793 1025 1829 in
1054 1792 1178 1830 Latio
1204 1790 1292 1841 ipso
1321 1796 1426 1838 nata,
1457 1804 1559 1841 quae
1586 1792 1855 1828 transmarina
1886 1792 1974 1840 fint,

277 1869 376 1920 quid
404 1870 657 1909 diversorum
685 1868 953 1919 scriptorum,
982 1882 1058 1906 nec
1084 1875 1242 1907 tantum
1270 1866 1486 1917 po‘c‘tarum
1515 1875 1555 1906 et
1582 1881 1747 1918 eorum,
1777 1870 1848 1919 qui
1874 1883 1975 1920 pro-

275 1942 317 1980 sa.
344 1943 530 1981 oratione
557 1942 615 1981 ufi
641 1943 753 1990 sunt,
794 1941 860 1979 sed
897 1941 1047 1980 horum
1087 1942 1209 1979 etiam
1237 1942 1347 1978 inter
1375 1940 1415 1978 sc
1443 1948 1792 1993 comparatorum,
1825 1950 1871 1981 ut
1900 1945 1975 1982 Ci-

276 2020 435 2058 coronis
466 2027 506 2058 et
527 2019 668 2067 Livii,
706 2018 843 2066 distet,
877 2018 951 2055 vix
977 2016 1217 2055 inchoatum
1244 2016 1425 2054 videtur.
1484 2017 1578 2065 Sed,
1607 2032 1659 2056 ne
1686 2026 1857 2069 vagetur
1878 2035 1975 2059 ora-

273 2093 356 2139 tio,
391 2093 648 2133 tractandum
680 2091 795 2132 sumfi
829 2092 968 2132 locum
996 2091 1048 2131 de
1076 2091 1216 2130 futuro
1240 2095 1408 2141 exacto,
1455 2090 1506 2130 de
1533 2104 1613 2144 quo
1642 2093 1768 2133 Viros
1792 2093 1974 2135 doctissi-

277 2183 363 2208 mos
389 2171 499 2208 inter
528 2169 568 2206 se
597 2167 827 2215 dissentire,
858 2167 1079 2206 nonnullos
1109 2167 1269 2205 diversa
1299 2168 1421 2204 etiam
1448 2167 1558 2205 inter
1584 2167 1623 2205 se
1651 2170 1970 2216 commiscentes,

274 2244 482 2294 videbam,
521 2257 606 2283 non
635 2257 716 2295 quo
740 2257 877 2282 meam
913 2257 1036 2281 unam
1064 2248 1218 2281 rectam
1243 2242 1319 2279 effe
1351 2242 1440 2279 eius
1470 2242 1704 2291 explicandi
1731 2244 1842 2283 viam
1874 2260 1970 2285 cen-

276 2319 416 2369 serem,
449 2317 516 2358 sed
546 2318 653 2371 quoa
685 2332 768 2357 non
795 2317 945 2357 melius
974 2316 1123 2370 profici
1152 2317 1195 2355 in
1224 2329 1382 2368 quaque
1411 2314 1597 2355 doctrina
1619 2317 1816 2364 existimo.
1847 2334 1968 2372 quam

274 2395 303 2433 fi
333 2397 403 2448 qui
432 2397 477 2434 in
506 2396 650 2433 eodem
676 2407 824 2444 genere
865 2392 1098 2441 elaborant,
1142 2389 1381 2429 sententiam
1409 2391 1518 2429 suam
1550 2392 1680 2430 libere
1710 2394 1965 2444 profitentur.

275 2472 396 2511 Nihil
421 2478 556 2510 autem
586 2472 721 2510 minus
751 2470 867 2508 decet
880 2468 1219 2517 Grammaticum,
1248 2480 1370 2518 quam
1397 2467 1467 2507 sua
1492 2473 1650 2507 tantum
1668 2470 1836 2522 mirari,
1864 2484 1968 2523 quae

274 2545 345 2587 alii
374 2547 564 2599 afferant,
595 2562 689 2588 cum
716 2543 936 2599 supercilio
969 2543 1167 2584 fastidire.
