2267 2982
303 369 324 393 a
336 371 349 392 o
360 355 402 392 a'o
414 369 428 392 o
438 368 471 400 μ
481 368 497 391 ε
508 368 524 389 ν
563 354 629 390 νέον
668 350 822 397 παλαιᾷ.
889 348 978 387 Hoc
1018 347 1185 399 gravius
1219 346 1347 384 etiam
1377 344 1553 384 affirmat
1562 374 1575 395 ,
1626 358 1746 398 quam
1793 345 1823 386 fi
1866 346 2008 405 futura

292 421 441 488 'exacto
471 428 596 481 posita
626 427 750 465 effent
762 452 775 471 ,
803 425 855 464 vi
870 438 892 462 c
904 424 1036 462 erim
1049 436 1077 462 u
1088 437 1106 461 s
1116 451 1130 473 ‚
1176 435 1201 462 v
1212 423 1227 461 i
1238 436 1261 460 c
1271 436 1293 461 e
1305 423 1350 460 ri
1363 435 1381 459 s
1392 451 1404 471 ‚
1446 421 1641 474 fiquidem
1669 435 1722 461 ne
1750 421 1882 462 futuri
1911 407 2007 474 qui-

300 507 393 546 dem
422 505 659 556 significatio
689 501 796 540 adest
807 530 818 550 ‚
854 499 920 539 sed
950 513 1032 538 una
1055 500 1119 537 rei
1153 500 1414 550 praeteritae.

406 581 597 634 Superest
628 578 807 618 formula
819 606 830 626 ‚
866 581 968 628 quae
997 574 1284 614 difficillimam
1313 575 1632 630 explieationem
1659 575 1783 615 habet
1793 605 1805 626 ,
1847 574 1937 615 vid
1949 589 1971 614 e
1983 597 2006 606 —

297 673 354 699 ro
368 684 381 704 ,
407 672 435 697 v
447 657 616 697 idetis
641 661 717 693 etc.
753 652 863 705 quod
891 650 921 689 s1
944 657 1104 690 mitum
1132 652 1183 690 de
1202 650 1387 702 reliquis,
1407 659 1573 705 praeter
1600 652 1793 704 primam,
1823 651 2007 703 personis

301 734 585 785 usurparetur,
625 731 716 783 quis
759 742 842 766 non
875 740 952 778 pro
981 727 1163 778 perfecto
1192 727 1450 765 coniunctivi
1476 729 1667 776 haberet,
1699 728 1768 766 etfi
1798 727 2007 766 neminem

298 809 390 850 fore
420 815 520 862 puto
534 835 545 854 ‚
574 807 646 859 qui
668 806 911 845 Ciceronem
936 804 979 842 in
1012 802 1077 842 his
1098 801 1282 860 Platonis
1312 799 1493 854 ὅρασοίμην
1522 818 1617 843 cum
1637 804 1869 844 Goerenzio
1901 802 2007 854 ptol-

301 889 373 927 cit.
401 901 443 938 p.
472 898 497 936 9
510 914 520 934 ,
559 884 767 922 imitatum
806 880 883 919 effe
911 867 1042 918 dicei:
1087 892 1181 918 nam
1218 893 1350 931 neque
1381 880 1426 919 in
1454 858 1627 920 Plat-one
1666 893 1799 932 neque
1836 880 1882 919 in
1917 877 2006 919 ullo

299 963 382 1003 alio
409 960 609 1013 scriptore
637 971 782 1010 graeco
812 953 994 1008 ὅρασοίμην
1022 956 1092 994 vel
1119 952 1310 1007 ὅροισκίμην
1346 957 1514 1008 legitur.
1579 956 1661 996 Sed
1690 956 1838 995 Cicero
1875 954 2004 995 Acad.

301 1042 384 1090 Qu.
414 1021 490 1084 ΙΙ,ρ
515 1038 592 1084 24,
614 1036 682 1081 76.
737 1033 879 1084 Quid
910 1033 1193 1072 inventum
1220 1034 1312 1084 sit,
1345 1035 1510 1085 paulo
1541 1034 1649 1086 post
1676 1033 1883 1073 videro.
1942 1030 2006 1070 lb.

300 1118 354 1154 44
370 1146 380 1162 ,
427 1115 517 1153 135.
555 1118 702 1150 recte
727 1110 947 1148 secusne
992 1109 1132 1147 alias
1160 1105 1476 1150 viderimus.
1540 1112 1640 1161 Lag.
1684 1124 1700 1150 ι
1719 1100 1734 1160 ,¹
1775 1120 1845 1149 21.
1903 1108 2005 1147 Cui

298 1199 470 1231 tamon
518 1200 610 1239 ego
658 1183 927 1224 assentiar
954 1185 1007 1222 in
1053 1185 1295 1222 omnibus
1344 1199 1441 1224 nec
1490 1199 1576 1235 ne,
1628 1198 1748 1224 mox
1789 1183 2004 1224 videro.

299 1268 393 1306 Fin.
423 1265 466 1314 1,
500 1277 570 1312 ιο,
598 1265 666 1302 55.
743 1262 889 1309 Quae
917 1260 1038 1298 fuer
1053 1261 1099 1299 it
1128 1243 1288 1299 causa
1316 1276 1434 1299 mox
1461 1252 1686 1300 videro:
1730 1261 1855 1299 Tusc.
1884 1260 2004 1312 Disp.

300 1343 359 1393 V,
393 1356 440 1393 7,
474 1354 541 1380 20.
627 1337 730 1377 Sed
762 1336 981 1386 videro,
1036 1336 1165 1388 quid
1194 1337 1447 1386 efficiat;
1483 1338 1762 1388 tantisper
1791 1319 1891 1376 h⁰.c
1906 1336 2006 1387 uip-

304 1419 409 1459 sum
439 1430 511 1456 ma
524 1416 611 1468 gni
639 1413 830 1453 faciam
858 1411 996 1465 quod
1031 1402 1207 1465 pollio
1221 1427 1242 1452 e
1255 1419 1274 1452 t
1287 1426 1360 1452 ur.
1425 1412 1580 1451 Contra
1615 1425 1909 1466 nonnunquam
1947 1411 2003 1451 est

297 1495 485 1534 futurum
532 1490 727 1543 fimplex,
784 1497 831 1529 ut
875 1489 969 1528 Fin.
1017 1491 1081 1538 V,
1137 1501 1207 1528 αι.
1270 1496 1373 1527 extr.
1464 1490 1704 1538 Quorum
1769 1489 2002 1527 omnium

301 1585 433 1623 quae
476 1568 587 1606 [int
626 1581 653 1606 n
669 1567 887 1614 otitiae‚
934 1588 988 1595 —
1015 1587 1072 1596 -
1098 1579 1215 1604 mox
1246 1566 1563 1605 videbimus.
1630 1568 1738 1617 Epp.
1782 1565 1880 1604 fam.
1913 1563 2001 1614 111,

300 1662 347 1699 9,
379 1652 418 1695 8.
477 1647 673 1686 Verum
701 1643 832 1681 haec
861 1641 1181 1681 videbimus.
1238 1643 1286 1682 In
1323 1642 1389 1682 his
1425 1641 1617 1682 formulis
1655 1640 1844 1682 futurum
1880 1654 2006 1681 exae-

300 1729 387 1762 1um
418 1734 492 1773 pro
523 1719 696 1771 fimplici
729 1719 852 1771 poni,
887 1718 962 1756 vix
991 1718 1173 1757 adducor
1199 1724 1245 1756 ut
1259 1699 1435 1756 *credam
1447 1748 1459 1768 ‚
1492 1732 1568 1756 nee
1595 1720 1727 1757 ullum
1755 1721 1801 1757 in
1831 1719 1897 1757 his
1927 1731 2005 1769 op-

299 1799 431 1838 tativo
460 1798 597 1835 locum
625 1796 701 1833 effe
729 1796 852 1833 video
864 1824 876 1844 ‚
923 1791 1029 1841 ἴδοιμι
1062 1790 1103 1831 o'c‘v
1115 1822 1125 1841 ,
1165 1794 1295 1833 multo
1324 1797 1460 1834 minus
1497 1795 1640 1843 ὀψοίμην
1674 1792 1728 1838 ἄν.
1785 1796 2005 1847 Originem

299 1875 518 1914 locutionis
546 1873 652 1911 hane
682 1872 758 1910 effe
787 1871 987 1921 suspicor:
1034 1885 1159 1922 quum
1193 1872 1282 1909 vid
1296 1886 1317 1910 e
1329 1887 1350 1910 r
1362 1887 1384 1910 e
1396 1902 1408 1922 ‚
1458 1873 1530 1911 ubi
1567 1873 1617 1911 ad
1656 1874 1839 1911 animum
1868 1878 2007 1911 tram-

299 1952 432 1992 fertur
442 1979 454 2000 ,
498 1949 666 2001 proprie
703 1948 759 1992 fit,
778 1947 1033 2000 perpendere
1046 1977 1057 1997 ‚
1100 1947 1351 1987 confiderare
1361 1978 1374 1998 ‚
1413 1950 1581 1995 Latini,
1615 1949 1643 1988 fi
1680 1950 1819 1989 dicere
1856 1947 2005 1988 volunt

300 2028 351 2067 de
377 2027 455 2065 hac
480 2038 526 2064 re
555 2024 789 2062 deliberabo
803 2050 815 2069 ‚
868 2038 1058 2075 quaeram
1068 2053 1080 2075 ,
1127 2031 1168 2062 et
1212 2038 1314 2075 quae
1353 2025 1541 2063 facienda
1582 2027 1650 2063 vel
1681 2026 1856 2063 dicenda
1887 2025 2005 2073 sunt,

301 2104 451 2144 curabo
464 2132 476 2151 ‚
509 2102 650 2140 dicunt
670 2099 698 2137 h
711 2114 735 2137 0
749 2113 770 2137 c
794 2100 849 2138 vi
864 2100 889 2137 d
901 2115 923 2138 e
936 2102 1009 2140 bo.
1063 2103 1121 2140 At
1152 2102 1243 2139 vid
1259 2116 1346 2140 ero
1365 2102 1535 2151 proprie
1558 2102 1634 2140 effe
1652 2102 1840 2152 videtur,
1875 2115 2004 2153 quum

301 2194 391 2220 rem
422 2176 729 2218 confideravero
739 2207 750 2226 ,
807 2177 1025 2216 decernam
1065 2192 1152 2217 eam
1194 2184 1236 2217 et
1277 2178 1512 2217 diiudicabo
1522 2208 1534 2228 ‚
1582 2178 1656 2217 ubi
1695 2178 1899 2218 omittitur
1933 2177 2003 2231 id,

302 2254 411 2309 quod
441 2253 686 2305 consequens
716 2253 771 2292 est
798 2253 889 2292 vid
902 2267 924 2292 e
936 2268 960 2292 n
974 2254 1028 2293 di
1069 2261 1111 2294 et
1146 2254 1425 2293 confiderandi
1465 2256 1632 2296 actioni.
1689 2255 1771 2294 Sed
1806 2254 1901 2292 usus
1939 2253 2004 2290 la-

302 2334 385 2372 tius
415 2331 600 2370 manavit
612 2357 627 2376 ,
670 2338 712 2369 et
740 2331 846 2370 hanc
874 2331 1098 2371 formulam
1128 2334 1178 2371 ad
1210 2347 1257 2370 ea
1287 2333 1521 2382 transtulit,
1559 2347 1662 2384 quae
1692 2332 1794 2371 seria
1820 2329 2005 2369 confide-

302 2409 461 2449 rationo
490 2414 530 2446 et
563 2406 783 2446 sententiae
815 2408 865 2446 de
893 2421 939 2446 re
976 2409 1082 2447 latae
1123 2409 1459 2460 pronuntiatione
1486 2410 1561 2447 vix
1595 2410 1716 2460 digna
1745 2408 2004 2447 viderentur.

304 2486 415 2527 Hine
444 2463 640 2534 videno
667 2484 722 2523 est
752 2483 982 2536 seponentia
1009 2484 1192 2538 aliquid,
1223 2491 1270 2524 ut
1300 2485 1485 2537 loquitur
1513 2487 1678 2526 Curtius
1707 2485 1761 2526 ad
1786 2486 1876 2529 Cic.
1906 2497 2003 2538 epp.
